[gd_scene load_steps=16 format=2]

[ext_resource path="res://Adventurer Sprite Sheet v1.3.png" type="Texture" id=1]
[ext_resource path="res://Player/Player.gd" type="Script" id=2]
[ext_resource path="res://StateMachine.gd" type="Script" id=3]
[ext_resource path="res://Player/Idle.gd" type="Script" id=4]
[ext_resource path="res://Player/Run.gd" type="Script" id=5]
[ext_resource path="res://Player/Air.gd" type="Script" id=6]
[ext_resource path="res://Player/Attack.gd" type="Script" id=7]

[sub_resource type="CapsuleShape2D" id=1]
radius = 7.0
height = 8.0

[sub_resource type="Animation" id=6]
resource_name = "Attack1"
tracks/0/type = "value"
tracks/0/path = NodePath("Sprite:frame")
tracks/0/interp = 1
tracks/0/loop_wrap = true
tracks/0/imported = false
tracks/0/enabled = true
tracks/0/keys = {
"times": PoolRealArray( 0, 0.1, 0.2, 0.3, 0.4, 0.5, 0.6, 0.7, 0.8, 0.9 ),
"transitions": PoolRealArray( 1, 1, 1, 1, 1, 1, 1, 1, 1, 1 ),
"update": 1,
"values": [ 26, 27, 28, 29, 30, 31, 32, 33, 34, 35 ]
}
tracks/1/type = "method"
tracks/1/path = NodePath(".")
tracks/1/interp = 1
tracks/1/loop_wrap = true
tracks/1/imported = false
tracks/1/enabled = true
tracks/1/keys = {
"times": PoolRealArray( 0.5 ),
"transitions": PoolRealArray( 1 ),
"values": [ {
"args": [  ],
"method": "ready_for_input"
} ]
}

[sub_resource type="Animation" id=7]
resource_name = "Attack2"
tracks/0/type = "value"
tracks/0/path = NodePath("Sprite:frame")
tracks/0/interp = 1
tracks/0/loop_wrap = true
tracks/0/imported = false
tracks/0/enabled = true
tracks/0/keys = {
"times": PoolRealArray( 0, 0.1, 0.2, 0.3, 0.4, 0.5, 0.6, 0.7, 0.8, 0.9 ),
"transitions": PoolRealArray( 1, 1, 1, 1, 1, 1, 1, 1, 1, 1 ),
"update": 1,
"values": [ 39, 40, 41, 42, 43, 44, 45, 46, 47, 48 ]
}
tracks/1/type = "method"
tracks/1/path = NodePath(".")
tracks/1/interp = 1
tracks/1/loop_wrap = true
tracks/1/imported = false
tracks/1/enabled = true
tracks/1/keys = {
"times": PoolRealArray( 0.4 ),
"transitions": PoolRealArray( 1 ),
"values": [ {
"args": [  ],
"method": "ready_for_input"
} ]
}

[sub_resource type="Animation" id=8]
resource_name = "Attack3"
tracks/0/type = "value"
tracks/0/path = NodePath("Sprite:frame")
tracks/0/interp = 1
tracks/0/loop_wrap = true
tracks/0/imported = false
tracks/0/enabled = true
tracks/0/keys = {
"times": PoolRealArray( 0, 0.1, 0.2, 0.3, 0.4, 0.5, 0.6, 0.7, 0.8, 0.9 ),
"transitions": PoolRealArray( 1, 1, 1, 1, 1, 1, 1, 1, 1, 1 ),
"update": 1,
"values": [ 52, 53, 54, 55, 56, 57, 58, 59, 60, 61 ]
}
tracks/1/type = "method"
tracks/1/path = NodePath(".")
tracks/1/interp = 1
tracks/1/loop_wrap = true
tracks/1/imported = false
tracks/1/enabled = true
tracks/1/keys = {
"times": PoolRealArray( 0.6 ),
"transitions": PoolRealArray( 1 ),
"values": [ {
"args": [  ],
"method": "ready_for_input"
} ]
}

[sub_resource type="Animation" id=2]
resource_name = "Idle"
length = 1.3
loop = true
tracks/0/type = "value"
tracks/0/path = NodePath("Sprite:frame")
tracks/0/interp = 1
tracks/0/loop_wrap = true
tracks/0/imported = false
tracks/0/enabled = true
tracks/0/keys = {
"times": PoolRealArray( 0, 0.1, 0.2, 0.3, 0.4, 0.5, 0.6, 0.7, 0.8, 0.9, 1, 1.1, 1.2 ),
"transitions": PoolRealArray( 1, 1, 1, 1, 1, 1, 1, 1, 1, 1, 1, 1, 1 ),
"update": 1,
"values": [ 0, 1, 2, 3, 4, 5, 6, 7, 8, 9, 10, 11, 12 ]
}

[sub_resource type="Animation" id=5]
resource_name = "Jump"
length = 0.6
tracks/0/type = "value"
tracks/0/path = NodePath("Sprite:frame")
tracks/0/interp = 1
tracks/0/loop_wrap = true
tracks/0/imported = false
tracks/0/enabled = true
tracks/0/keys = {
"times": PoolRealArray( 0, 0.1, 0.2, 0.3, 0.4, 0.5 ),
"transitions": PoolRealArray( 1, 1, 1, 1, 1, 1 ),
"update": 1,
"values": [ 65, 66, 67, 68, 69, 70 ]
}

[sub_resource type="Animation" id=3]
length = 0.001
tracks/0/type = "value"
tracks/0/path = NodePath("Sprite:frame")
tracks/0/interp = 1
tracks/0/loop_wrap = true
tracks/0/imported = false
tracks/0/enabled = true
tracks/0/keys = {
"times": PoolRealArray( 0 ),
"transitions": PoolRealArray( 1 ),
"update": 0,
"values": [ 0 ]
}

[sub_resource type="Animation" id=4]
resource_name = "Run"
length = 0.8
loop = true
tracks/0/type = "value"
tracks/0/path = NodePath("Sprite:frame")
tracks/0/interp = 1
tracks/0/loop_wrap = true
tracks/0/imported = false
tracks/0/enabled = true
tracks/0/keys = {
"times": PoolRealArray( 0, 0.1, 0.2, 0.3, 0.4, 0.5, 0.6, 0.7 ),
"transitions": PoolRealArray( 1, 1, 1, 1, 1, 1, 1, 1 ),
"update": 1,
"values": [ 13, 14, 15, 16, 17, 18, 19, 20 ]
}

[node name="Player" type="KinematicBody2D"]
script = ExtResource( 2 )

[node name="Sprite" type="Sprite" parent="."]
position = Vector2( 1, -15 )
texture = ExtResource( 1 )
hframes = 13
vframes = 13

[node name="CollisionShape2D" type="CollisionShape2D" parent="."]
position = Vector2( 0, -11 )
shape = SubResource( 1 )

[node name="AnimationPlayer" type="AnimationPlayer" parent="."]
anims/Attack1 = SubResource( 6 )
anims/Attack2 = SubResource( 7 )
anims/Attack3 = SubResource( 8 )
anims/Idle = SubResource( 2 )
anims/Jump = SubResource( 5 )
anims/RESET = SubResource( 3 )
anims/Run = SubResource( 4 )

[node name="StateMachine" type="Node" parent="."]
script = ExtResource( 3 )
initial_state = NodePath("Idle")

[node name="Idle" type="Node" parent="StateMachine"]
script = ExtResource( 4 )
_animation_player = NodePath("../../AnimationPlayer")

[node name="Run" type="Node" parent="StateMachine"]
script = ExtResource( 5 )
_animation_player = NodePath("../../AnimationPlayer")

[node name="Air" type="Node" parent="StateMachine"]
script = ExtResource( 6 )
_animation_player = NodePath("../../AnimationPlayer")

[node name="Attack1" type="Node" parent="StateMachine"]
script = ExtResource( 7 )
_animation_player = NodePath("../../AnimationPlayer")
animation = "Attack1"
next_state = "Attack2"

[node name="Attack2" type="Node" parent="StateMachine"]
script = ExtResource( 7 )
_animation_player = NodePath("../../AnimationPlayer")
animation = "Attack2"
next_state = "Attack3"

[node name="Attack3" type="Node" parent="StateMachine"]
script = ExtResource( 7 )
_animation_player = NodePath("../../AnimationPlayer")
animation = "Attack3"
